@online{link1,
    author = "RTV.net",
    title = "1.2 milioane de români manânca zilnic produse fast-food, de o jumatate de miliard de euro pe an",
    url  = "https://www.romaniatv.net/1-2-milioane-de-romani-mananca-zilnic-produse-fast-food-de-o-jumatate-de-miliard-de-euro-pe-an_36820.html#n",
	howpublished={\url{https://bit.ly/2HjzgVy}}
}
@online{link2,
	author = "Madison Stookey",
    title = "Why do people prefer fast food over healthy food?",
    url  = "https://www.romaniatv.net/1-2-milioane-de-romani-mananca-zilnic-produse-fast-food-de-o-jumatate-de-miliard-de-euro-pe-an_36820.html#n",
	howpublished={\url{https://prezi.com/aaatpprfkklx/why-do-people-prefer-fast-food-over-healthy-food/}}
}
