@online{article,
    author = "RTV.net",
    title = "1,2 milioane de români manânca zilnic produse fast-food, de o jumatate de miliard de euro pe an",
    url  = "https://www.romaniatv.net/1-2-milioane-de-romani-mananca-zilnic-produse-fast-food-de-o-jumatate-de-miliard-de-euro-pe-an_36820.html#n",
    addendum = "(accessed: 01.09.2016)",
    keywords = "latex,knuth"
}